%YAML 1.1
%TAG !u! tag:unity3d.com,2011:
--- !u!29 &1
OcclusionCullingSettings:
  m_ObjectHideFlags: 0
  serializedVersion: 2
  m_OcclusionBakeSettings:
    smallestOccluder: 5
    smallestHole: 0.25
    backfaceThreshold: 100
  m_SceneGUID: 00000000000000000000000000000000
  m_OcclusionCullingData: {fileID: 0}
--- !u!104 &2
RenderSettings:
  m_ObjectHideFlags: 0
  serializedVersion: 9
  m_Fog: 0
  m_FogColor: {r: 0.5, g: 0.5, b: 0.5, a: 1}
  m_FogMode: 3
  m_FogDensity: 0.01
  m_LinearFogStart: 0
  m_LinearFogEnd: 300
  m_AmbientSkyColor: {r: 0.212, g: 0.227, b: 0.259, a: 1}
  m_AmbientEquatorColor: {r: 0.114, g: 0.125, b: 0.133, a: 1}
  m_AmbientGroundColor: {r: 0.047, g: 0.043, b: 0.035, a: 1}
  m_AmbientIntensity: 1
  m_AmbientMode: 3
  m_SubtractiveShadowColor: {r: 0.42, g: 0.478, b: 0.627, a: 1}
  m_SkyboxMaterial: {fileID: 0}
  m_HaloStrength: 0.5
  m_FlareStrength: 1
  m_FlareFadeSpeed: 3
  m_HaloTexture: {fileID: 0}
  m_SpotCookie: {fileID: 10001, guid: 0000000000000000e000000000000000, type: 0}
  m_DefaultReflectionMode: 0
  m_DefaultReflectionResolution: 128
  m_ReflectionBounces: 1
  m_ReflectionIntensity: 1
  m_CustomReflection: {fileID: 0}
  m_Sun: {fileID: 0}
  m_IndirectSpecularColor: {r: 0, g: 0, b: 0, a: 1}
  m_UseRadianceAmbientProbe: 0
--- !u!157 &3
LightmapSettings:
  m_ObjectHideFlags: 0
  serializedVersion: 11
  m_GIWorkflowMode: 1
  m_GISettings:
    serializedVersion: 2
    m_BounceScale: 1
    m_IndirectOutputScale: 1
    m_AlbedoBoost: 1
    m_EnvironmentLightingMode: 0
    m_EnableBakedLightmaps: 0
    m_EnableRealtimeLightmaps: 0
  m_LightmapEditorSettings:
    serializedVersion: 12
    m_Resolution: 2
    m_BakeResolution: 40
    m_AtlasSize: 1024
    m_AO: 0
    m_AOMaxDistance: 1
    m_CompAOExponent: 1
    m_CompAOExponentDirect: 0
    m_ExtractAmbientOcclusion: 0
    m_Padding: 2
    m_LightmapParameters: {fileID: 0}
    m_LightmapsBakeMode: 1
    m_TextureCompression: 1
    m_FinalGather: 0
    m_FinalGatherFiltering: 1
    m_FinalGatherRayCount: 256
    m_ReflectionCompression: 2
    m_MixedBakeMode: 2
    m_BakeBackend: 1
    m_PVRSampling: 1
    m_PVRDirectSampleCount: 32
    m_PVRSampleCount: 512
    m_PVRBounces: 2
    m_PVREnvironmentSampleCount: 256
    m_PVREnvironmentReferencePointCount: 2048
    m_PVRFilteringMode: 1
    m_PVRDenoiserTypeDirect: 1
    m_PVRDenoiserTypeIndirect: 1
    m_PVRDenoiserTypeAO: 1
    m_PVRFilterTypeDirect: 0
    m_PVRFilterTypeIndirect: 0
    m_PVRFilterTypeAO: 0
    m_PVREnvironmentMIS: 1
    m_PVRCulling: 1
    m_PVRFilteringGaussRadiusDirect: 1
    m_PVRFilteringGaussRadiusIndirect: 5
    m_PVRFilteringGaussRadiusAO: 2
    m_PVRFilteringAtrousPositionSigmaDirect: 0.5
    m_PVRFilteringAtrousPositionSigmaIndirect: 2
    m_PVRFilteringAtrousPositionSigmaAO: 1
    m_ExportTrainingData: 0
    m_TrainingDataDestination: TrainingData
  m_LightingDataAsset: {fileID: 0}
  m_UseShadowmask: 1
--- !u!196 &4
NavMeshSettings:
  serializedVersion: 2
  m_ObjectHideFlags: 0
  m_BuildSettings:
    serializedVersion: 2
    agentTypeID: 0
    agentRadius: 0.5
    agentHeight: 2
    agentSlope: 45
    agentClimb: 0.4
    ledgeDropHeight: 0
    maxJumpAcrossDistance: 0
    minRegionArea: 2
    manualCellSize: 0
    cellSize: 0.16666667
    manualTileSize: 0
    tileSize: 256
    accuratePlacement: 0
    debug:
      m_Flags: 0
  m_NavMeshData: {fileID: 0}
--- !u!1001 &272305734
PrefabInstance:
  m_ObjectHideFlags: 0
  serializedVersion: 2
  m_Modification:
    m_TransformParent: {fileID: 0}
    m_Modifications:
    - target: {fileID: 1750989786923330, guid: 4a6f2e003ca8dfb46ac63940369416d1, type: 3}
      propertyPath: m_Name
      value: rabbz
      objectReference: {fileID: 0}
    - target: {fileID: 4187885837143294, guid: 4a6f2e003ca8dfb46ac63940369416d1, type: 3}
      propertyPath: m_LocalPosition.x
      value: -2.607794
      objectReference: {fileID: 0}
    - target: {fileID: 4187885837143294, guid: 4a6f2e003ca8dfb46ac63940369416d1, type: 3}
      propertyPath: m_LocalPosition.y
      value: -1.0125862
      objectReference: {fileID: 0}
    - target: {fileID: 4187885837143294, guid: 4a6f2e003ca8dfb46ac63940369416d1, type: 3}
      propertyPath: m_LocalPosition.z
      value: 0
      objectReference: {fileID: 0}
    - target: {fileID: 4187885837143294, guid: 4a6f2e003ca8dfb46ac63940369416d1, type: 3}
      propertyPath: m_LocalRotation.x
      value: 0
      objectReference: {fileID: 0}
    - target: {fileID: 4187885837143294, guid: 4a6f2e003ca8dfb46ac63940369416d1, type: 3}
      propertyPath: m_LocalRotation.y
      value: 0
      objectReference: {fileID: 0}
    - target: {fileID: 4187885837143294, guid: 4a6f2e003ca8dfb46ac63940369416d1, type: 3}
      propertyPath: m_LocalRotation.z
      value: 0
      objectReference: {fileID: 0}
    - target: {fileID: 4187885837143294, guid: 4a6f2e003ca8dfb46ac63940369416d1, type: 3}
      propertyPath: m_LocalRotation.w
      value: 1
      objectReference: {fileID: 0}
    - target: {fileID: 4187885837143294, guid: 4a6f2e003ca8dfb46ac63940369416d1, type: 3}
      propertyPath: m_RootOrder
      value: 3
      objectReference: {fileID: 0}
    - target: {fileID: 4187885837143294, guid: 4a6f2e003ca8dfb46ac63940369416d1, type: 3}
      propertyPath: m_LocalEulerAnglesHint.x
      value: 0
      objectReference: {fileID: 0}
    - target: {fileID: 4187885837143294, guid: 4a6f2e003ca8dfb46ac63940369416d1, type: 3}
      propertyPath: m_LocalEulerAnglesHint.y
      value: 0
      objectReference: {fileID: 0}
    - target: {fileID: 4187885837143294, guid: 4a6f2e003ca8dfb46ac63940369416d1, type: 3}
      propertyPath: m_LocalEulerAnglesHint.z
      value: 0
      objectReference: {fileID: 0}
    - target: {fileID: 114428893752122680, guid: 4a6f2e003ca8dfb46ac63940369416d1,
        type: 3}
      propertyPath: MaxHealth
      value: 3
      objectReference: {fileID: 0}
    - target: {fileID: 114428893752122680, guid: 4a6f2e003ca8dfb46ac63940369416d1,
        type: 3}
      propertyPath: batPointer
      value: 
      objectReference: {fileID: 272305735}
    m_RemovedComponents: []
  m_SourcePrefab: {fileID: 100100000, guid: 4a6f2e003ca8dfb46ac63940369416d1, type: 3}
--- !u!114 &272305735 stripped
MonoBehaviour:
  m_CorrespondingSourceObject: {fileID: 114352942592885048, guid: 4a6f2e003ca8dfb46ac63940369416d1,
    type: 3}
  m_PrefabInstance: {fileID: 272305734}
  m_PrefabAsset: {fileID: 0}
  m_GameObject: {fileID: 0}
  m_Enabled: 1
  m_EditorHideFlags: 0
  m_Script: {fileID: 11500000, guid: a2d924f77b07549a2a70e1dd11c7f9b1, type: 3}
  m_Name: 
  m_EditorClassIdentifier: 
--- !u!1001 &451910927
PrefabInstance:
  m_ObjectHideFlags: 0
  serializedVersion: 2
  m_Modification:
    m_TransformParent: {fileID: 0}
    m_Modifications:
    - target: {fileID: 4585577322906683847, guid: d14ec6b72d5194fc58c80ed0dc5d882b,
        type: 3}
      propertyPath: m_Name
      value: Wall (2)
      objectReference: {fileID: 0}
    - target: {fileID: 7800893838855620210, guid: d14ec6b72d5194fc58c80ed0dc5d882b,
        type: 3}
      propertyPath: m_LocalPosition.x
      value: 0
      objectReference: {fileID: 0}
    - target: {fileID: 7800893838855620210, guid: d14ec6b72d5194fc58c80ed0dc5d882b,
        type: 3}
      propertyPath: m_LocalPosition.y
      value: -3
      objectReference: {fileID: 0}
    - target: {fileID: 7800893838855620210, guid: d14ec6b72d5194fc58c80ed0dc5d882b,
        type: 3}
      propertyPath: m_LocalPosition.z
      value: 0
      objectReference: {fileID: 0}
    - target: {fileID: 7800893838855620210, guid: d14ec6b72d5194fc58c80ed0dc5d882b,
        type: 3}
      propertyPath: m_LocalRotation.x
      value: 0
      objectReference: {fileID: 0}
    - target: {fileID: 7800893838855620210, guid: d14ec6b72d5194fc58c80ed0dc5d882b,
        type: 3}
      propertyPath: m_LocalRotation.y
      value: 0
      objectReference: {fileID: 0}
    - target: {fileID: 7800893838855620210, guid: d14ec6b72d5194fc58c80ed0dc5d882b,
        type: 3}
      propertyPath: m_LocalRotation.z
      value: 0
      objectReference: {fileID: 0}
    - target: {fileID: 7800893838855620210, guid: d14ec6b72d5194fc58c80ed0dc5d882b,
        type: 3}
      propertyPath: m_LocalRotation.w
      value: 1
      objectReference: {fileID: 0}
    - target: {fileID: 7800893838855620210, guid: d14ec6b72d5194fc58c80ed0dc5d882b,
        type: 3}
      propertyPath: m_RootOrder
      value: 6
      objectReference: {fileID: 0}
    - target: {fileID: 7800893838855620210, guid: d14ec6b72d5194fc58c80ed0dc5d882b,
        type: 3}
      propertyPath: m_LocalEulerAnglesHint.x
      value: 0
      objectReference: {fileID: 0}
    - target: {fileID: 7800893838855620210, guid: d14ec6b72d5194fc58c80ed0dc5d882b,
        type: 3}
      propertyPath: m_LocalEulerAnglesHint.y
      value: 0
      objectReference: {fileID: 0}
    - target: {fileID: 7800893838855620210, guid: d14ec6b72d5194fc58c80ed0dc5d882b,
        type: 3}
      propertyPath: m_LocalEulerAnglesHint.z
      value: 0
      objectReference: {fileID: 0}
    - target: {fileID: 7800893838855620210, guid: d14ec6b72d5194fc58c80ed0dc5d882b,
        type: 3}
      propertyPath: m_LocalScale.x
      value: 9
      objectReference: {fileID: 0}
    m_RemovedComponents: []
  m_SourcePrefab: {fileID: 100100000, guid: d14ec6b72d5194fc58c80ed0dc5d882b, type: 3}
--- !u!1 &511243016 stripped
GameObject:
  m_CorrespondingSourceObject: {fileID: 1568006996863312, guid: 4a6f2e003ca8dfb46ac63940369416d1,
    type: 3}
  m_PrefabInstance: {fileID: 272305734}
  m_PrefabAsset: {fileID: 0}
--- !u!1 &774227121
GameObject:
  m_ObjectHideFlags: 0
  m_CorrespondingSourceObject: {fileID: 0}
  m_PrefabInstance: {fileID: 0}
  m_PrefabAsset: {fileID: 0}
  serializedVersion: 6
  m_Component:
  - component: {fileID: 774227125}
  - component: {fileID: 774227124}
  - component: {fileID: 774227123}
  - component: {fileID: 774227122}
  m_Layer: 0
  m_Name: door(Clone)
  m_TagString: Untagged
  m_Icon: {fileID: 0}
  m_NavMeshLayer: 0
  m_StaticEditorFlags: 0
  m_IsActive: 1
--- !u!114 &774227122
MonoBehaviour:
  m_ObjectHideFlags: 0
  m_CorrespondingSourceObject: {fileID: 0}
  m_PrefabInstance: {fileID: 0}
  m_PrefabAsset: {fileID: 0}
  m_GameObject: {fileID: 774227121}
  m_Enabled: 1
  m_EditorHideFlags: 0
  m_Script: {fileID: 11500000, guid: ab53e71fc35ce5d45aa1676859c4599b, type: 3}
  m_Name: 
  m_EditorClassIdentifier: 
  direction: 1
  ConnectedEntrance: {fileID: 0}
  myRoom: {fileID: 1385260286}
  myRoomSegment:
    coordinates:
      x: 2
      y: 1
    UpDog: {fileID: 0}
    RightDoor: {fileID: 774227122}
    DownPortal: {fileID: 0}
    LeftEntrance: {fileID: 0}
--- !u!61 &774227123
BoxCollider2D:
  m_ObjectHideFlags: 0
  m_CorrespondingSourceObject: {fileID: 0}
  m_PrefabInstance: {fileID: 0}
  m_PrefabAsset: {fileID: 0}
  m_GameObject: {fileID: 774227121}
  m_Enabled: 1
  m_Density: 1
  m_Material: {fileID: 0}
  m_IsTrigger: 1
  m_UsedByEffector: 0
  m_UsedByComposite: 0
  m_Offset: {x: 0, y: 0}
  m_SpriteTilingProperty:
    border: {x: 0, y: 0, z: 0, w: 0}
    pivot: {x: 0.5, y: 0.5}
    oldSize: {x: 1, y: 1}
    newSize: {x: 1, y: 1}
    adaptiveTilingThreshold: 0.5
    drawMode: 0
    adaptiveTiling: 0
  m_AutoTiling: 0
  serializedVersion: 2
  m_Size: {x: 1, y: 1}
  m_EdgeRadius: 0
--- !u!212 &774227124
SpriteRenderer:
  m_ObjectHideFlags: 0
  m_CorrespondingSourceObject: {fileID: 0}
  m_PrefabInstance: {fileID: 0}
  m_PrefabAsset: {fileID: 0}
  m_GameObject: {fileID: 774227121}
  m_Enabled: 1
  m_CastShadows: 0
  m_ReceiveShadows: 0
  m_DynamicOccludee: 1
  m_MotionVectors: 1
  m_LightProbeUsage: 1
  m_ReflectionProbeUsage: 1
  m_RenderingLayerMask: 1
  m_RendererPriority: 0
  m_Materials:
  - {fileID: 10754, guid: 0000000000000000f000000000000000, type: 0}
  m_StaticBatchInfo:
    firstSubMesh: 0
    subMeshCount: 0
  m_StaticBatchRoot: {fileID: 0}
  m_ProbeAnchor: {fileID: 0}
  m_LightProbeVolumeOverride: {fileID: 0}
  m_ScaleInLightmap: 1
  m_ReceiveGI: 1
  m_PreserveUVs: 0
  m_IgnoreNormalsForChartDetection: 0
  m_ImportantGI: 0
  m_StitchLightmapSeams: 0
  m_SelectedEditorRenderState: 0
  m_MinimumChartSize: 4
  m_AutoUVMaxDistance: 0.5
  m_AutoUVMaxAngle: 89
  m_LightmapParameters: {fileID: 0}
  m_SortingLayerID: 274526919
  m_SortingLayer: 3
  m_SortingOrder: 0
  m_Sprite: {fileID: 21300000, guid: db7ed21d6df600741a3e0be6b5491319, type: 3}
  m_Color: {r: 1, g: 0, b: 0.84111834, a: 0}
  m_FlipX: 0
  m_FlipY: 0
  m_DrawMode: 0
  m_Size: {x: 1, y: 1}
  m_AdaptiveModeThreshold: 0.5
  m_SpriteTileMode: 0
  m_WasSpriteAssigned: 1
  m_MaskInteraction: 0
  m_SpriteSortPoint: 0
--- !u!4 &774227125
Transform:
  m_ObjectHideFlags: 0
  m_CorrespondingSourceObject: {fileID: 0}
  m_PrefabInstance: {fileID: 0}
  m_PrefabAsset: {fileID: 0}
  m_GameObject: {fileID: 774227121}
  m_LocalRotation: {x: 0, y: 0, z: -0.7071068, w: 0.7071068}
  m_LocalPosition: {x: 4.5, y: 1.5, z: 0}
  m_LocalScale: {x: 3, y: 0.5, z: 1}
  m_Children: []
  m_Father: {fileID: 0}
  m_RootOrder: 10
  m_LocalEulerAnglesHint: {x: 0, y: 0, z: 0}
--- !u!1001 &1025711044
PrefabInstance:
  m_ObjectHideFlags: 0
  serializedVersion: 2
  m_Modification:
    m_TransformParent: {fileID: 0}
    m_Modifications:
    - target: {fileID: 1105328577380032, guid: 47fa6d404b41b4428ad7813524b18a2a, type: 3}
      propertyPath: m_Name
      value: Main Camera
      objectReference: {fileID: 0}
    - target: {fileID: 4251479430572178, guid: 47fa6d404b41b4428ad7813524b18a2a, type: 3}
      propertyPath: m_LocalPosition.x
      value: 0
      objectReference: {fileID: 0}
    - target: {fileID: 4251479430572178, guid: 47fa6d404b41b4428ad7813524b18a2a, type: 3}
      propertyPath: m_LocalPosition.y
      value: 0
      objectReference: {fileID: 0}
    - target: {fileID: 4251479430572178, guid: 47fa6d404b41b4428ad7813524b18a2a, type: 3}
      propertyPath: m_LocalPosition.z
      value: -10
      objectReference: {fileID: 0}
    - target: {fileID: 4251479430572178, guid: 47fa6d404b41b4428ad7813524b18a2a, type: 3}
      propertyPath: m_LocalRotation.x
      value: 0
      objectReference: {fileID: 0}
    - target: {fileID: 4251479430572178, guid: 47fa6d404b41b4428ad7813524b18a2a, type: 3}
      propertyPath: m_LocalRotation.y
      value: 0
      objectReference: {fileID: 0}
    - target: {fileID: 4251479430572178, guid: 47fa6d404b41b4428ad7813524b18a2a, type: 3}
      propertyPath: m_LocalRotation.z
      value: 0
      objectReference: {fileID: 0}
    - target: {fileID: 4251479430572178, guid: 47fa6d404b41b4428ad7813524b18a2a, type: 3}
      propertyPath: m_LocalRotation.w
      value: 1
      objectReference: {fileID: 0}
    - target: {fileID: 4251479430572178, guid: 47fa6d404b41b4428ad7813524b18a2a, type: 3}
      propertyPath: m_RootOrder
      value: 7
      objectReference: {fileID: 0}
    - target: {fileID: 4251479430572178, guid: 47fa6d404b41b4428ad7813524b18a2a, type: 3}
      propertyPath: m_LocalEulerAnglesHint.x
      value: 0
      objectReference: {fileID: 0}
    - target: {fileID: 4251479430572178, guid: 47fa6d404b41b4428ad7813524b18a2a, type: 3}
      propertyPath: m_LocalEulerAnglesHint.y
      value: 0
      objectReference: {fileID: 0}
    - target: {fileID: 4251479430572178, guid: 47fa6d404b41b4428ad7813524b18a2a, type: 3}
      propertyPath: m_LocalEulerAnglesHint.z
      value: 0
      objectReference: {fileID: 0}
    - target: {fileID: 114683104151288978, guid: 47fa6d404b41b4428ad7813524b18a2a,
        type: 3}
      propertyPath: ToFollow
      value: 
      objectReference: {fileID: 1065903325}
    - target: {fileID: 543688492, guid: 47fa6d404b41b4428ad7813524b18a2a, type: 3}
      propertyPath: m_SortingLayerID
      value: -1052472611
      objectReference: {fileID: 0}
    - target: {fileID: 543688492, guid: 47fa6d404b41b4428ad7813524b18a2a, type: 3}
      propertyPath: m_SortingLayer
      value: 1
      objectReference: {fileID: 0}
    m_RemovedComponents: []
  m_SourcePrefab: {fileID: 100100000, guid: 47fa6d404b41b4428ad7813524b18a2a, type: 3}
--- !u!1 &1058593033
GameObject:
  m_ObjectHideFlags: 0
  m_CorrespondingSourceObject: {fileID: 0}
  m_PrefabInstance: {fileID: 0}
  m_PrefabAsset: {fileID: 0}
  serializedVersion: 6
  m_Component:
  - component: {fileID: 1058593037}
  - component: {fileID: 1058593036}
  - component: {fileID: 1058593035}
  - component: {fileID: 1058593034}
  m_Layer: 0
  m_Name: door(Clone)
  m_TagString: Untagged
  m_Icon: {fileID: 0}
  m_NavMeshLayer: 0
  m_StaticEditorFlags: 0
  m_IsActive: 1
--- !u!114 &1058593034
MonoBehaviour:
  m_ObjectHideFlags: 0
  m_CorrespondingSourceObject: {fileID: 0}
  m_PrefabInstance: {fileID: 0}
  m_PrefabAsset: {fileID: 0}
  m_GameObject: {fileID: 1058593033}
  m_Enabled: 1
  m_EditorHideFlags: 0
  m_Script: {fileID: 11500000, guid: ab53e71fc35ce5d45aa1676859c4599b, type: 3}
  m_Name: 
  m_EditorClassIdentifier: 
  direction: 1
  ConnectedEntrance: {fileID: 0}
  myRoom: {fileID: 1385260286}
  myRoomSegment:
    coordinates:
      x: 2
      y: 0
    UpDog: {fileID: 0}
    RightDoor: {fileID: 1058593034}
    DownPortal: {fileID: 0}
    LeftEntrance: {fileID: 0}
--- !u!61 &1058593035
BoxCollider2D:
  m_ObjectHideFlags: 0
  m_CorrespondingSourceObject: {fileID: 0}
  m_PrefabInstance: {fileID: 0}
  m_PrefabAsset: {fileID: 0}
  m_GameObject: {fileID: 1058593033}
  m_Enabled: 1
  m_Density: 1
  m_Material: {fileID: 0}
  m_IsTrigger: 1
  m_UsedByEffector: 0
  m_UsedByComposite: 0
  m_Offset: {x: 0, y: 0}
  m_SpriteTilingProperty:
    border: {x: 0, y: 0, z: 0, w: 0}
    pivot: {x: 0.5, y: 0.5}
    oldSize: {x: 1, y: 1}
    newSize: {x: 1, y: 1}
    adaptiveTilingThreshold: 0.5
    drawMode: 0
    adaptiveTiling: 0
  m_AutoTiling: 0
  serializedVersion: 2
  m_Size: {x: 1, y: 1}
  m_EdgeRadius: 0
--- !u!212 &1058593036
SpriteRenderer:
  m_ObjectHideFlags: 0
  m_CorrespondingSourceObject: {fileID: 0}
  m_PrefabInstance: {fileID: 0}
  m_PrefabAsset: {fileID: 0}
  m_GameObject: {fileID: 1058593033}
  m_Enabled: 1
  m_CastShadows: 0
  m_ReceiveShadows: 0
  m_DynamicOccludee: 1
  m_MotionVectors: 1
  m_LightProbeUsage: 1
  m_ReflectionProbeUsage: 1
  m_RenderingLayerMask: 1
  m_RendererPriority: 0
  m_Materials:
  - {fileID: 10754, guid: 0000000000000000f000000000000000, type: 0}
  m_StaticBatchInfo:
    firstSubMesh: 0
    subMeshCount: 0
  m_StaticBatchRoot: {fileID: 0}
  m_ProbeAnchor: {fileID: 0}
  m_LightProbeVolumeOverride: {fileID: 0}
  m_ScaleInLightmap: 1
  m_ReceiveGI: 1
  m_PreserveUVs: 0
  m_IgnoreNormalsForChartDetection: 0
  m_ImportantGI: 0
  m_StitchLightmapSeams: 0
  m_SelectedEditorRenderState: 0
  m_MinimumChartSize: 4
  m_AutoUVMaxDistance: 0.5
  m_AutoUVMaxAngle: 89
  m_LightmapParameters: {fileID: 0}
  m_SortingLayerID: 274526919
  m_SortingLayer: 3
  m_SortingOrder: 0
  m_Sprite: {fileID: 21300000, guid: db7ed21d6df600741a3e0be6b5491319, type: 3}
  m_Color: {r: 1, g: 0, b: 0.84111834, a: 0}
  m_FlipX: 0
  m_FlipY: 0
  m_DrawMode: 0
  m_Size: {x: 1, y: 1}
  m_AdaptiveModeThreshold: 0.5
  m_SpriteTileMode: 0
  m_WasSpriteAssigned: 1
  m_MaskInteraction: 0
  m_SpriteSortPoint: 0
--- !u!4 &1058593037
Transform:
  m_ObjectHideFlags: 0
  m_CorrespondingSourceObject: {fileID: 0}
  m_PrefabInstance: {fileID: 0}
  m_PrefabAsset: {fileID: 0}
  m_GameObject: {fileID: 1058593033}
  m_LocalRotation: {x: 0, y: 0, z: -0.7071068, w: 0.7071068}
  m_LocalPosition: {x: 4.5, y: -1.5, z: 0}
  m_LocalScale: {x: 3, y: 0.5, z: 1}
  m_Children: []
  m_Father: {fileID: 0}
  m_RootOrder: 11
  m_LocalEulerAnglesHint: {x: 0, y: 0, z: 0}
--- !u!4 &1065903325 stripped
Transform:
  m_CorrespondingSourceObject: {fileID: 4187885837143294, guid: 4a6f2e003ca8dfb46ac63940369416d1,
    type: 3}
  m_PrefabInstance: {fileID: 272305734}
  m_PrefabAsset: {fileID: 0}
--- !u!1001 &1128089329
PrefabInstance:
  m_ObjectHideFlags: 0
  serializedVersion: 2
  m_Modification:
    m_TransformParent: {fileID: 0}
    m_Modifications:
    - target: {fileID: 1779306764965050, guid: 355e889f0bea84f298293433a0763b39, type: 3}
      propertyPath: m_Name
      value: Camera Bounding Box
      objectReference: {fileID: 0}
    - target: {fileID: 1779306764965050, guid: 355e889f0bea84f298293433a0763b39, type: 3}
      propertyPath: m_IsActive
      value: 0
      objectReference: {fileID: 0}
    - target: {fileID: 4110519608908424, guid: 355e889f0bea84f298293433a0763b39, type: 3}
      propertyPath: m_LocalPosition.x
      value: 1.574
      objectReference: {fileID: 0}
    - target: {fileID: 4110519608908424, guid: 355e889f0bea84f298293433a0763b39, type: 3}
      propertyPath: m_LocalPosition.y
      value: -0.02
      objectReference: {fileID: 0}
    - target: {fileID: 4110519608908424, guid: 355e889f0bea84f298293433a0763b39, type: 3}
      propertyPath: m_LocalPosition.z
      value: 0
      objectReference: {fileID: 0}
    - target: {fileID: 4110519608908424, guid: 355e889f0bea84f298293433a0763b39, type: 3}
      propertyPath: m_LocalRotation.x
      value: 0
      objectReference: {fileID: 0}
    - target: {fileID: 4110519608908424, guid: 355e889f0bea84f298293433a0763b39, type: 3}
      propertyPath: m_LocalRotation.y
      value: 0
      objectReference: {fileID: 0}
    - target: {fileID: 4110519608908424, guid: 355e889f0bea84f298293433a0763b39, type: 3}
      propertyPath: m_LocalRotation.z
      value: 0
      objectReference: {fileID: 0}
    - target: {fileID: 4110519608908424, guid: 355e889f0bea84f298293433a0763b39, type: 3}
      propertyPath: m_LocalRotation.w
      value: 1
      objectReference: {fileID: 0}
    - target: {fileID: 4110519608908424, guid: 355e889f0bea84f298293433a0763b39, type: 3}
      propertyPath: m_RootOrder
      value: 2
      objectReference: {fileID: 0}
    - target: {fileID: 4110519608908424, guid: 355e889f0bea84f298293433a0763b39, type: 3}
      propertyPath: m_LocalEulerAnglesHint.x
      value: 0
      objectReference: {fileID: 0}
    - target: {fileID: 4110519608908424, guid: 355e889f0bea84f298293433a0763b39, type: 3}
      propertyPath: m_LocalEulerAnglesHint.y
      value: 0
      objectReference: {fileID: 0}
    - target: {fileID: 4110519608908424, guid: 355e889f0bea84f298293433a0763b39, type: 3}
      propertyPath: m_LocalEulerAnglesHint.z
      value: 0
      objectReference: {fileID: 0}
    - target: {fileID: 4110519608908424, guid: 355e889f0bea84f298293433a0763b39, type: 3}
      propertyPath: m_LocalScale.x
      value: 12.810413
      objectReference: {fileID: 0}
    - target: {fileID: 4110519608908424, guid: 355e889f0bea84f298293433a0763b39, type: 3}
      propertyPath: m_LocalScale.y
      value: 6.558807
      objectReference: {fileID: 0}
    m_RemovedComponents: []
  m_SourcePrefab: {fileID: 100100000, guid: 355e889f0bea84f298293433a0763b39, type: 3}
--- !u!1001 &1146147958
PrefabInstance:
  m_ObjectHideFlags: 0
  serializedVersion: 2
  m_Modification:
    m_TransformParent: {fileID: 0}
    m_Modifications:
    - target: {fileID: 7007248717714524178, guid: c5a3ba0599ac54bd4948b2572c8e6760,
        type: 3}
      propertyPath: m_Name
      value: UI Canvas
      objectReference: {fileID: 0}
    - target: {fileID: 7007248717714524190, guid: c5a3ba0599ac54bd4948b2572c8e6760,
        type: 3}
      propertyPath: m_LocalPosition.x
      value: 0
      objectReference: {fileID: 0}
    - target: {fileID: 7007248717714524190, guid: c5a3ba0599ac54bd4948b2572c8e6760,
        type: 3}
      propertyPath: m_LocalPosition.y
      value: 0
      objectReference: {fileID: 0}
    - target: {fileID: 7007248717714524190, guid: c5a3ba0599ac54bd4948b2572c8e6760,
        type: 3}
      propertyPath: m_LocalPosition.z
      value: 0
      objectReference: {fileID: 0}
    - target: {fileID: 7007248717714524190, guid: c5a3ba0599ac54bd4948b2572c8e6760,
        type: 3}
      propertyPath: m_LocalRotation.x
      value: 0
      objectReference: {fileID: 0}
    - target: {fileID: 7007248717714524190, guid: c5a3ba0599ac54bd4948b2572c8e6760,
        type: 3}
      propertyPath: m_LocalRotation.y
      value: 0
      objectReference: {fileID: 0}
    - target: {fileID: 7007248717714524190, guid: c5a3ba0599ac54bd4948b2572c8e6760,
        type: 3}
      propertyPath: m_LocalRotation.z
      value: 0
      objectReference: {fileID: 0}
    - target: {fileID: 7007248717714524190, guid: c5a3ba0599ac54bd4948b2572c8e6760,
        type: 3}
      propertyPath: m_LocalRotation.w
      value: 1
      objectReference: {fileID: 0}
    - target: {fileID: 7007248717714524190, guid: c5a3ba0599ac54bd4948b2572c8e6760,
        type: 3}
      propertyPath: m_RootOrder
      value: 8
      objectReference: {fileID: 0}
    - target: {fileID: 7007248717714524190, guid: c5a3ba0599ac54bd4948b2572c8e6760,
        type: 3}
      propertyPath: m_LocalEulerAnglesHint.x
      value: 0
      objectReference: {fileID: 0}
    - target: {fileID: 7007248717714524190, guid: c5a3ba0599ac54bd4948b2572c8e6760,
        type: 3}
      propertyPath: m_LocalEulerAnglesHint.y
      value: 0
      objectReference: {fileID: 0}
    - target: {fileID: 7007248717714524190, guid: c5a3ba0599ac54bd4948b2572c8e6760,
        type: 3}
      propertyPath: m_LocalEulerAnglesHint.z
      value: 0
      objectReference: {fileID: 0}
    - target: {fileID: 7007248717714524190, guid: c5a3ba0599ac54bd4948b2572c8e6760,
        type: 3}
      propertyPath: m_AnchoredPosition.x
      value: 0
      objectReference: {fileID: 0}
    - target: {fileID: 7007248717714524190, guid: c5a3ba0599ac54bd4948b2572c8e6760,
        type: 3}
      propertyPath: m_AnchoredPosition.y
      value: 0
      objectReference: {fileID: 0}
    - target: {fileID: 7007248717714524190, guid: c5a3ba0599ac54bd4948b2572c8e6760,
        type: 3}
      propertyPath: m_SizeDelta.x
      value: 0
      objectReference: {fileID: 0}
    - target: {fileID: 7007248717714524190, guid: c5a3ba0599ac54bd4948b2572c8e6760,
        type: 3}
      propertyPath: m_SizeDelta.y
      value: 0
      objectReference: {fileID: 0}
    - target: {fileID: 7007248717714524190, guid: c5a3ba0599ac54bd4948b2572c8e6760,
        type: 3}
      propertyPath: m_AnchorMin.x
      value: 0
      objectReference: {fileID: 0}
    - target: {fileID: 7007248717714524190, guid: c5a3ba0599ac54bd4948b2572c8e6760,
        type: 3}
      propertyPath: m_AnchorMin.y
      value: 0
      objectReference: {fileID: 0}
    - target: {fileID: 7007248717714524190, guid: c5a3ba0599ac54bd4948b2572c8e6760,
        type: 3}
      propertyPath: m_AnchorMax.x
      value: 0
      objectReference: {fileID: 0}
    - target: {fileID: 7007248717714524190, guid: c5a3ba0599ac54bd4948b2572c8e6760,
        type: 3}
      propertyPath: m_AnchorMax.y
      value: 0
      objectReference: {fileID: 0}
    - target: {fileID: 7007248717714524190, guid: c5a3ba0599ac54bd4948b2572c8e6760,
        type: 3}
      propertyPath: m_Pivot.x
      value: 0
      objectReference: {fileID: 0}
    - target: {fileID: 7007248717714524190, guid: c5a3ba0599ac54bd4948b2572c8e6760,
        type: 3}
      propertyPath: m_Pivot.y
      value: 0
      objectReference: {fileID: 0}
    - target: {fileID: 7007248718283236588, guid: c5a3ba0599ac54bd4948b2572c8e6760,
        type: 3}
      propertyPath: Sckone
      value: 
      objectReference: {fileID: 511243016}
    - target: {fileID: 7007248718142175011, guid: c5a3ba0599ac54bd4948b2572c8e6760,
        type: 3}
      propertyPath: m_SizeDelta.y
      value: 0.66200066
      objectReference: {fileID: 0}
    - target: {fileID: 7007248718142175011, guid: c5a3ba0599ac54bd4948b2572c8e6760,
        type: 3}
      propertyPath: m_AnchoredPosition.x
      value: 0.35198975
      objectReference: {fileID: 0}
    - target: {fileID: 7007248718142175011, guid: c5a3ba0599ac54bd4948b2572c8e6760,
        type: 3}
      propertyPath: m_SizeDelta.x
      value: 0.27999878
      objectReference: {fileID: 0}
    - target: {fileID: 7007248718142175011, guid: c5a3ba0599ac54bd4948b2572c8e6760,
        type: 3}
      propertyPath: m_AnchoredPosition.y
      value: -0.4103012
      objectReference: {fileID: 0}
    - target: {fileID: 7007248718142175011, guid: c5a3ba0599ac54bd4948b2572c8e6760,
        type: 3}
      propertyPath: m_AnchorMin.x
      value: 0
      objectReference: {fileID: 0}
    - target: {fileID: 7007248718142175011, guid: c5a3ba0599ac54bd4948b2572c8e6760,
        type: 3}
      propertyPath: m_AnchorMin.y
      value: 0
      objectReference: {fileID: 0}
    - target: {fileID: 4611526120000788013, guid: c5a3ba0599ac54bd4948b2572c8e6760,
        type: 3}
      propertyPath: m_AnchoredPosition.x
      value: -19.699951
      objectReference: {fileID: 0}
    - target: {fileID: 4611526120000788013, guid: c5a3ba0599ac54bd4948b2572c8e6760,
        type: 3}
      propertyPath: m_AnchoredPosition.y
      value: -0.3985901
      objectReference: {fileID: 0}
    m_RemovedComponents: []
  m_SourcePrefab: {fileID: 100100000, guid: c5a3ba0599ac54bd4948b2572c8e6760, type: 3}
--- !u!1001 &1259940884
PrefabInstance:
  m_ObjectHideFlags: 0
  serializedVersion: 2
  m_Modification:
    m_TransformParent: {fileID: 0}
    m_Modifications:
    - target: {fileID: 4585577322906683847, guid: d14ec6b72d5194fc58c80ed0dc5d882b,
        type: 3}
      propertyPath: m_Name
      value: Wall (1)
      objectReference: {fileID: 0}
    - target: {fileID: 7800893838855620210, guid: d14ec6b72d5194fc58c80ed0dc5d882b,
        type: 3}
      propertyPath: m_LocalPosition.x
      value: 0
      objectReference: {fileID: 0}
    - target: {fileID: 7800893838855620210, guid: d14ec6b72d5194fc58c80ed0dc5d882b,
        type: 3}
      propertyPath: m_LocalPosition.y
      value: 3
      objectReference: {fileID: 0}
    - target: {fileID: 7800893838855620210, guid: d14ec6b72d5194fc58c80ed0dc5d882b,
        type: 3}
      propertyPath: m_LocalPosition.z
      value: 0
      objectReference: {fileID: 0}
    - target: {fileID: 7800893838855620210, guid: d14ec6b72d5194fc58c80ed0dc5d882b,
        type: 3}
      propertyPath: m_LocalRotation.x
      value: 0
      objectReference: {fileID: 0}
    - target: {fileID: 7800893838855620210, guid: d14ec6b72d5194fc58c80ed0dc5d882b,
        type: 3}
      propertyPath: m_LocalRotation.y
      value: 0
      objectReference: {fileID: 0}
    - target: {fileID: 7800893838855620210, guid: d14ec6b72d5194fc58c80ed0dc5d882b,
        type: 3}
      propertyPath: m_LocalRotation.z
      value: 0
      objectReference: {fileID: 0}
    - target: {fileID: 7800893838855620210, guid: d14ec6b72d5194fc58c80ed0dc5d882b,
        type: 3}
      propertyPath: m_LocalRotation.w
      value: 1
      objectReference: {fileID: 0}
    - target: {fileID: 7800893838855620210, guid: d14ec6b72d5194fc58c80ed0dc5d882b,
        type: 3}
      propertyPath: m_RootOrder
      value: 5
      objectReference: {fileID: 0}
    - target: {fileID: 7800893838855620210, guid: d14ec6b72d5194fc58c80ed0dc5d882b,
        type: 3}
      propertyPath: m_LocalEulerAnglesHint.x
      value: 0
      objectReference: {fileID: 0}
    - target: {fileID: 7800893838855620210, guid: d14ec6b72d5194fc58c80ed0dc5d882b,
        type: 3}
      propertyPath: m_LocalEulerAnglesHint.y
      value: 0
      objectReference: {fileID: 0}
    - target: {fileID: 7800893838855620210, guid: d14ec6b72d5194fc58c80ed0dc5d882b,
        type: 3}
      propertyPath: m_LocalEulerAnglesHint.z
      value: 0
      objectReference: {fileID: 0}
    - target: {fileID: 7800893838855620210, guid: d14ec6b72d5194fc58c80ed0dc5d882b,
        type: 3}
      propertyPath: m_LocalScale.x
      value: 9
      objectReference: {fileID: 0}
    m_RemovedComponents: []
  m_SourcePrefab: {fileID: 100100000, guid: d14ec6b72d5194fc58c80ed0dc5d882b, type: 3}
--- !u!1 &1385260285
GameObject:
  m_ObjectHideFlags: 0
  m_CorrespondingSourceObject: {fileID: 0}
  m_PrefabInstance: {fileID: 0}
  m_PrefabAsset: {fileID: 0}
  serializedVersion: 6
  m_Component:
  - component: {fileID: 1385260287}
  - component: {fileID: 1385260286}
  m_Layer: 0
  m_Name: StartingRoom3x2r
  m_TagString: Untagged
  m_Icon: {fileID: 0}
  m_NavMeshLayer: 0
  m_StaticEditorFlags: 0
  m_IsActive: 1
--- !u!114 &1385260286
MonoBehaviour:
  m_ObjectHideFlags: 0
  m_CorrespondingSourceObject: {fileID: 0}
  m_PrefabInstance: {fileID: 0}
  m_PrefabAsset: {fileID: 0}
  m_GameObject: {fileID: 1385260285}
  m_Enabled: 1
  m_EditorHideFlags: 0
  m_Script: {fileID: 11500000, guid: fb7e7f9559e58814290d7cc9b73266c4, type: 3}
  m_Name: 
  m_EditorClassIdentifier: 
  roomType: 0
  roomSegmentColumns:
  - segments:
    - coordinates:
        x: 0
        y: 0
      UpDog: {fileID: 0}
      RightDoor: {fileID: 0}
      DownPortal: {fileID: 0}
      LeftEntrance: {fileID: 0}
    - coordinates:
        x: 0
        y: 1
      UpDog: {fileID: 0}
      RightDoor: {fileID: 0}
      DownPortal: {fileID: 0}
      LeftEntrance: {fileID: 0}
  - segments:
    - coordinates:
        x: 1
        y: 0
      UpDog: {fileID: 0}
      RightDoor: {fileID: 0}
      DownPortal: {fileID: 0}
      LeftEntrance: {fileID: 0}
    - coordinates:
        x: 1
        y: 1
      UpDog: {fileID: 0}
      RightDoor: {fileID: 0}
      DownPortal: {fileID: 0}
      LeftEntrance: {fileID: 0}
  - segments:
    - coordinates:
        x: 2
        y: 0
      UpDog: {fileID: 0}
      RightDoor: {fileID: 1058593034}
      DownPortal: {fileID: 0}
      LeftEntrance: {fileID: 0}
    - coordinates:
        x: 2
        y: 1
      UpDog: {fileID: 0}
      RightDoor: {fileID: 774227122}
      DownPortal: {fileID: 0}
      LeftEntrance: {fileID: 0}
  coordinates:
    x: 0
    y: 0
  triggerers: []
--- !u!4 &1385260287
Transform:
  m_ObjectHideFlags: 0
  m_CorrespondingSourceObject: {fileID: 0}
  m_PrefabInstance: {fileID: 0}
  m_PrefabAsset: {fileID: 0}
  m_GameObject: {fileID: 1385260285}
  m_LocalRotation: {x: 0, y: 0, z: 0, w: 1}
  m_LocalPosition: {x: 0, y: 0, z: 0}
  m_LocalScale: {x: 1, y: 1, z: 1}
  m_Children: []
  m_Father: {fileID: 0}
  m_RootOrder: 0
  m_LocalEulerAnglesHint: {x: 0, y: 0, z: 0}
--- !u!1001 &1478484684
PrefabInstance:
  m_ObjectHideFlags: 0
  serializedVersion: 2
  m_Modification:
    m_TransformParent: {fileID: 0}
    m_Modifications:
    - target: {fileID: 8391535660659651680, guid: 17afb6563110d444aaeed51e626a9285,
        type: 3}
      propertyPath: m_Name
      value: AudioTriggerManager
      objectReference: {fileID: 0}
    - target: {fileID: 8391535660659651686, guid: 17afb6563110d444aaeed51e626a9285,
        type: 3}
      propertyPath: m_LocalPosition.x
      value: 0
      objectReference: {fileID: 0}
    - target: {fileID: 8391535660659651686, guid: 17afb6563110d444aaeed51e626a9285,
        type: 3}
      propertyPath: m_LocalPosition.y
      value: 0
      objectReference: {fileID: 0}
    - target: {fileID: 8391535660659651686, guid: 17afb6563110d444aaeed51e626a9285,
        type: 3}
      propertyPath: m_LocalPosition.z
      value: 0
      objectReference: {fileID: 0}
    - target: {fileID: 8391535660659651686, guid: 17afb6563110d444aaeed51e626a9285,
        type: 3}
      propertyPath: m_LocalRotation.x
      value: 0
      objectReference: {fileID: 0}
    - target: {fileID: 8391535660659651686, guid: 17afb6563110d444aaeed51e626a9285,
        type: 3}
      propertyPath: m_LocalRotation.y
      value: 0
      objectReference: {fileID: 0}
    - target: {fileID: 8391535660659651686, guid: 17afb6563110d444aaeed51e626a9285,
        type: 3}
      propertyPath: m_LocalRotation.z
      value: 0
      objectReference: {fileID: 0}
    - target: {fileID: 8391535660659651686, guid: 17afb6563110d444aaeed51e626a9285,
        type: 3}
      propertyPath: m_LocalRotation.w
      value: 1
      objectReference: {fileID: 0}
    - target: {fileID: 8391535660659651686, guid: 17afb6563110d444aaeed51e626a9285,
        type: 3}
      propertyPath: m_RootOrder
      value: 1
      objectReference: {fileID: 0}
    - target: {fileID: 8391535660659651686, guid: 17afb6563110d444aaeed51e626a9285,
        type: 3}
      propertyPath: m_LocalEulerAnglesHint.x
      value: 0
      objectReference: {fileID: 0}
    - target: {fileID: 8391535660659651686, guid: 17afb6563110d444aaeed51e626a9285,
        type: 3}
      propertyPath: m_LocalEulerAnglesHint.y
      value: 0
      objectReference: {fileID: 0}
    - target: {fileID: 8391535660659651686, guid: 17afb6563110d444aaeed51e626a9285,
        type: 3}
      propertyPath: m_LocalEulerAnglesHint.z
      value: 0
      objectReference: {fileID: 0}
    m_RemovedComponents: []
  m_SourcePrefab: {fileID: 100100000, guid: 17afb6563110d444aaeed51e626a9285, type: 3}
--- !u!1001 &2003651091
PrefabInstance:
  m_ObjectHideFlags: 0
  serializedVersion: 2
  m_Modification:
    m_TransformParent: {fileID: 0}
    m_Modifications:
    - target: {fileID: 1823823584971896, guid: 6ea1a53cfa4b542a1a154f0861b95d1c, type: 3}
      propertyPath: m_Name
      value: Spouty Boi
      objectReference: {fileID: 0}
    - target: {fileID: 1823823584971896, guid: 6ea1a53cfa4b542a1a154f0861b95d1c, type: 3}
      propertyPath: m_IsActive
      value: 0
      objectReference: {fileID: 0}
    - target: {fileID: 4149127400076490, guid: 6ea1a53cfa4b542a1a154f0861b95d1c, type: 3}
      propertyPath: m_LocalPosition.x
      value: -0.0013477802
      objectReference: {fileID: 0}
    - target: {fileID: 4149127400076490, guid: 6ea1a53cfa4b542a1a154f0861b95d1c, type: 3}
      propertyPath: m_LocalPosition.y
      value: 1.5298841
      objectReference: {fileID: 0}
    - target: {fileID: 4149127400076490, guid: 6ea1a53cfa4b542a1a154f0861b95d1c, type: 3}
      propertyPath: m_LocalPosition.z
      value: 0
      objectReference: {fileID: 0}
    - target: {fileID: 4149127400076490, guid: 6ea1a53cfa4b542a1a154f0861b95d1c, type: 3}
      propertyPath: m_LocalRotation.x
      value: 0
      objectReference: {fileID: 0}
    - target: {fileID: 4149127400076490, guid: 6ea1a53cfa4b542a1a154f0861b95d1c, type: 3}
      propertyPath: m_LocalRotation.y
      value: 0
      objectReference: {fileID: 0}
    - target: {fileID: 4149127400076490, guid: 6ea1a53cfa4b542a1a154f0861b95d1c, type: 3}
      propertyPath: m_LocalRotation.z
      value: 0
      objectReference: {fileID: 0}
    - target: {fileID: 4149127400076490, guid: 6ea1a53cfa4b542a1a154f0861b95d1c, type: 3}
      propertyPath: m_LocalRotation.w
      value: 1
      objectReference: {fileID: 0}
    - target: {fileID: 4149127400076490, guid: 6ea1a53cfa4b542a1a154f0861b95d1c, type: 3}
      propertyPath: m_RootOrder
      value: 9
      objectReference: {fileID: 0}
    - target: {fileID: 4149127400076490, guid: 6ea1a53cfa4b542a1a154f0861b95d1c, type: 3}
      propertyPath: m_LocalEulerAnglesHint.x
      value: 0
      objectReference: {fileID: 0}
    - target: {fileID: 4149127400076490, guid: 6ea1a53cfa4b542a1a154f0861b95d1c, type: 3}
      propertyPath: m_LocalEulerAnglesHint.y
      value: 0
      objectReference: {fileID: 0}
    - target: {fileID: 4149127400076490, guid: 6ea1a53cfa4b542a1a154f0861b95d1c, type: 3}
      propertyPath: m_LocalEulerAnglesHint.z
      value: 0
      objectReference: {fileID: 0}
    - target: {fileID: 212339156046227024, guid: 6ea1a53cfa4b542a1a154f0861b95d1c,
        type: 3}
      propertyPath: m_Color.r
      value: 0
      objectReference: {fileID: 0}
    - target: {fileID: 212339156046227024, guid: 6ea1a53cfa4b542a1a154f0861b95d1c,
        type: 3}
      propertyPath: m_Color.g
      value: 0.9811321
      objectReference: {fileID: 0}
    - target: {fileID: 212339156046227024, guid: 6ea1a53cfa4b542a1a154f0861b95d1c,
        type: 3}
      propertyPath: m_Color.b
      value: 0.26171872
      objectReference: {fileID: 0}
    m_RemovedComponents: []
  m_SourcePrefab: {fileID: 100100000, guid: 6ea1a53cfa4b542a1a154f0861b95d1c, type: 3}
--- !u!1 &2003651092 stripped
GameObject:
  m_CorrespondingSourceObject: {fileID: 1823823584971896, guid: 6ea1a53cfa4b542a1a154f0861b95d1c,
    type: 3}
  m_PrefabInstance: {fileID: 2003651091}
  m_PrefabAsset: {fileID: 0}
--- !u!114 &2003651093
MonoBehaviour:
  m_ObjectHideFlags: 0
  m_CorrespondingSourceObject: {fileID: 0}
  m_PrefabInstance: {fileID: 0}
  m_PrefabAsset: {fileID: 0}
  m_GameObject: {fileID: 2003651092}
  m_Enabled: 1
  m_EditorHideFlags: 0
  m_Script: {fileID: 11500000, guid: c67d2a4c25212494f919075a5fdaa647, type: 3}
  m_Name: 
  m_EditorClassIdentifier: 
  toSpawn: {fileID: 5260832260614824981, guid: f121fac75e734504fa411d719345453a, type: 3}
--- !u!1001 &2063555562
PrefabInstance:
  m_ObjectHideFlags: 0
  serializedVersion: 2
  m_Modification:
    m_TransformParent: {fileID: 0}
    m_Modifications:
    - target: {fileID: 4585577322906683847, guid: d14ec6b72d5194fc58c80ed0dc5d882b,
        type: 3}
      propertyPath: m_Name
      value: Wall
      objectReference: {fileID: 0}
    - target: {fileID: 7800893838855620210, guid: d14ec6b72d5194fc58c80ed0dc5d882b,
        type: 3}
      propertyPath: m_LocalPosition.x
      value: -4.5
      objectReference: {fileID: 0}
    - target: {fileID: 7800893838855620210, guid: d14ec6b72d5194fc58c80ed0dc5d882b,
        type: 3}
      propertyPath: m_LocalPosition.y
      value: 0
      objectReference: {fileID: 0}
    - target: {fileID: 7800893838855620210, guid: d14ec6b72d5194fc58c80ed0dc5d882b,
        type: 3}
      propertyPath: m_LocalPosition.z
      value: 0
      objectReference: {fileID: 0}
    - target: {fileID: 7800893838855620210, guid: d14ec6b72d5194fc58c80ed0dc5d882b,
        type: 3}
      propertyPath: m_LocalRotation.x
      value: 0
      objectReference: {fileID: 0}
    - target: {fileID: 7800893838855620210, guid: d14ec6b72d5194fc58c80ed0dc5d882b,
        type: 3}
      propertyPath: m_LocalRotation.y
      value: 0
      objectReference: {fileID: 0}
    - target: {fileID: 7800893838855620210, guid: d14ec6b72d5194fc58c80ed0dc5d882b,
        type: 3}
      propertyPath: m_LocalRotation.z
      value: 0.7071068
      objectReference: {fileID: 0}
    - target: {fileID: 7800893838855620210, guid: d14ec6b72d5194fc58c80ed0dc5d882b,
        type: 3}
      propertyPath: m_LocalRotation.w
      value: 0.7071068
      objectReference: {fileID: 0}
    - target: {fileID: 7800893838855620210, guid: d14ec6b72d5194fc58c80ed0dc5d882b,
        type: 3}
      propertyPath: m_RootOrder
      value: 4
      objectReference: {fileID: 0}
    - target: {fileID: 7800893838855620210, guid: d14ec6b72d5194fc58c80ed0dc5d882b,
        type: 3}
      propertyPath: m_LocalEulerAnglesHint.x
      value: 0
      objectReference: {fileID: 0}
    - target: {fileID: 7800893838855620210, guid: d14ec6b72d5194fc58c80ed0dc5d882b,
        type: 3}
      propertyPath: m_LocalEulerAnglesHint.y
      value: 0
      objectReference: {fileID: 0}
    - target: {fileID: 7800893838855620210, guid: d14ec6b72d5194fc58c80ed0dc5d882b,
        type: 3}
      propertyPath: m_LocalEulerAnglesHint.z
      value: 90
      objectReference: {fileID: 0}
    - target: {fileID: 7800893838855620210, guid: d14ec6b72d5194fc58c80ed0dc5d882b,
        type: 3}
      propertyPath: m_LocalScale.x
      value: 6
      objectReference: {fileID: 0}
    m_RemovedComponents: []
  m_SourcePrefab: {fileID: 100100000, guid: d14ec6b72d5194fc58c80ed0dc5d882b, type: 3}
